% References to papers regarding inversions and forward modeling

%----------------------------------------------------------------
@string{A       = {Atmosfera}}
@string{AMM     = {Australian Meteorological Magazine}}
@string{AJ      = {Astrophysical Journal}}
@string{AM      = {Annalen der Meteorologie}}
@string{AO      = {Applied Optics}}
@string{AOP     = {Atmospheric and Oceanic Physics (engl. transl.}}
@string{ATOC    = {Atmosphere -- Ocean}}

@string{BAMS    = {Bulletin of the American Meteorological Society}}
@string{BLM     = {Boundary-Layer Meteorology}}
@string{BPA     = {Beitr"age zur Physik der Atmosph"are}}

@string{CC      = {Climate Change}}

@string{GRL     = {Geophysical Research Letters}}

@string{IAOP    = {Izvestia Atmos. Oceanic Phys.}}
@string{IJRS    = {International Journal of Remote Sensing}}
@string{I3EJOE  = {IEEE Journal of Oceanic Engineering}}
@string{I3ETAP  = {IEEE Transactions on Antennas and Propagation}}
@string{I3ETGRS = {IEEE Transactions on Geoscience and Remote Sensing}}
@string{I3ETGE  = {IEEE Transactions on Geoscience Electronics}}
@string{I3ETMTT = {IEEE Transactions on Microwave Theory and Technique}}

@string{JAM     = {Journal of Applied Meteorology}}
@string{JAS     = {Journal of the Atmospheric Sciences}}
@string{JAOT    = {Journal of Atmosphere and Ocean Technology}}
@string{JC      = {Journal of Climate}}
@string{JCAM    = {Journal of Climate and Applied Meteorology}}
@string{JCP     = {Journal of Computational Physics}}
@string{JGR     = {J. of Geophys. Res.}}
@string{JMSJ    = {Journal of the Meteorological Society of Japan}}
@string{JOSA    = {Journal of the Optical Society of America}}
@string{JPO     = {Journal of Physical Oceanography}}
@string{JQSRT   = {Journal of Quantitative Spectroscopy and Radiative Transfer}}

@string{MAP     = {Meteorology and Atmospheric Physics}}
@string{MBT     = {Meteorological Bulletin, Taiwan}}
@string{MR      = {Meteorologische Rundschau}}
@string{MZ      = {Meteorologische Zeitschrift}}
@string{MWR     = {Monthly Weather Review}}
@string{MZ      = {Meteorologische Zeitschrift}}

@string{N       = {Nature}}
@string{NWD     = {National Weather Digest}}

@string{PRD     = {Physical Review D}}

@string{QJRMS   = {Quarterly Journal of the Royal Meteorological Society}}

@string{RG      = {Review of Geophysics}}
@string{RGSP    = {Reviews of Geophysics and Space Physics}}
@string{RS      = {Radio Science}}
@string{RSE     = {Remote Sensing of Environment}}
@string{RSR     = {Remote Sensing Reviews}}
@string{RSPR    = {Remote Sensing of Polar Regions}}

@string{S       = {Science}}

@string{T       = {Tellus}}

@string{WF      = {Weather and Forecasting}}
@string{WRR     = {Water Resources Research}}
%----------------------------------------------------------------
		  

@article{balluch:97,
 Author    = {M. Balluch and D.J. Lary},  
 Title     = {Refraction and atmospheric photochemistry},
 Year      = 1997,
 Journal   = JGR,
 Volume    = 102,
 Pages     = {8845--8854}
}

@techreport{eriksson:97a,
 Author    = {P. Eriksson and F. Merino},
 Title     = {On simulating passive observations of the 
		  middle atmosphere in the range 1~-~1000~{GHz}},
 Year      = 1997,
 Institution = {Department of Radio and Space Science, 
		  Chalmers University of Technology, Sweden},
 Number    = 179,
}

@article{eriksson:00a,
 Author    = {P. Eriksson and F. Merino and D. Murtagh and P. Baron
		  and P. Ricaud and J. de la N\"oe},  
 Title     = {Studies for the {O}din sub-millimetre radiometer: 
		  1. {R}adiative transfer and instrument simulation},
 Year      = 2000,
 Journal   = {to appear in Canadian Journal of Physics},
}

@phdthesis{eriksson:99,
 Author    = {P. Eriksson},
 Title     = {Microwave radiometric observations of the middle
		  atmosphere: Simulations and inversions},
 Year      = 1999,
 School    = {School of Electrical and Computer Engineering, 
		  Chalmers University of Technology, Sweden},
}

@article{kuntz:97,
 Author    = {M. Kuntz and G. Hochschild and R. Krupa},  
 Title     = {Retrieval of ozone mixing ratio profiles from ground-based
              millimeter wave measurements disturbed by standing waves},
 Year      = 1997,
 Journal   = JGR,
 Volume    = 102,
 Pages     = {21965--21975}
}

@book{kyle:91,
 AUTHOR    = {T.G. Kyle},
 TITLE     = {Atmospheric transmission, emission and scaterring},
 PUBLISHER = {Pergamon Press},
 YEAR      = 1991,
}
		  
@book{press:92,
 AUTHOR    = {W.H. Press and S.A. Teukolsky and W.T. Vetterling and 
              B.P. Flannery},
 TITLE     = {Numerical recipes in FORTRAN},
 PUBLISHER = {Cambridge University Press},
 YEAR      = 1992,
 EDITION   = 2,
}

@article{rodgers:90,
 Author    = {C.D. Rodgers},  
 Title     = {Characterization and error analysis of profiles
		  retrieved from remote sounding measurements},
 Year      = 1990,
 Journal   = JGR,
 Volume    = 95,
 Pages     = {5587--5595}
}

@book{rohlfs:86,
 AUTHOR    = {K. Rohlfs},
 TITLE     = {Tools of radio astronomy},
 PUBLISHER = {Springer-Verlag, Berlin},
 YEAR      = 1986,
}

@article{schimpf:97,
 Author    = {B. Schimpf and F. Schreier},  
 Title     = {Robust and efficient inversion of vertical sounding atmospheric
              high-resolution spectra by means of regularization},
 Year      = 1997,
 Journal   = JGR,
 Volume    = 102,
 Pages     = {16037--16055}
}
